<?xml version="1.0" encoding="UTF-8"?>
<record xmlns="http://www.loc.gov/MARC21/slim">
  <leader>02658ntm a22003737a 4500</leader>
  <controlfield tag="001">3348838</controlfield>
  <controlfield tag="005">20090705022200.0</controlfield>
  <controlfield tag="008">090115s1835    xx            000 i eng d</controlfield>
  <datafield tag="033" ind1="0" ind2="0">
    <subfield code="a">18351022</subfield>
  </datafield>
  <datafield tag="035" ind1=" " ind2=" ">
    <subfield code="a">3348838</subfield>
  </datafield>
  <datafield tag="040" ind1=" " ind2=" ">
    <subfield code="a">BRL</subfield>
  </datafield>
  <datafield tag="099" ind1=" " ind2=" ">
    <subfield code="a">Ms.A.9.2 v.7, p.70</subfield>
  </datafield>
  <datafield tag="100" ind1="1" ind2=" ">
    <subfield code="a">Weston, Deborah,</subfield>
    <subfield code="d">b.1814</subfield>
  </datafield>
  <datafield tag="245" ind1="1" ind2="0">
    <subfield code="a">[Letter to] Dear Aunt Mary</subfield>
    <subfield code="h">[manuscript].</subfield>
  </datafield>
  <datafield tag="260" ind1=" " ind2=" ">
    <subfield code="a">[Boston, Mass.],</subfield>
    <subfield code="c">Thursday noon, [Oct. 22, 1835].</subfield>
  </datafield>
  <datafield tag="300" ind1=" " ind2=" ">
    <subfield code="a">1 leaf (4 p.) ;</subfield>
    <subfield code="c">8 x 5 in.</subfield>
  </datafield>
  <datafield tag="500" ind1=" " ind2=" ">
    <subfield code="a">Holograph, signed.</subfield>
  </datafield>
  <datafield tag="500" ind1=" " ind2=" ">
    <subfield code="a">Yesterday afternoon they heard that &quot;Garrison was in the hands of the mob with his clothes all torn off &amp; a rope around his neck.&quot; Warren Weston brought the news that Garrison was safe in jail, rescued by a truckman named Aaron Cooley, &quot;who took him up in his arms...&amp; trampled through the crowd with all fury.&quot; Sarah Ann(?) called to tell that Mr. [Ebenezer] Bailey saved Garrison, &quot;helped dress him when they got him into City hall, broke a man&apos;s arm with his umbrella in his defence.&quot; Deborah Weston tells about the &quot;quiet &amp; perfect composure&quot; maintained by the Society. Daniel Parkman and Edward G. Prescott came to see Henry Grafton Chapman after he had left. &quot;Maria [Weston Chapman] wiled [sic] them both to wait. ...They came thinking that George Thompson was there, to advise his instant removal. I speak says Prescott as a man just from a mob. And I listen says Maria as a woman just from a mob.&quot; After a long talk, they parted with protestations of friendship. Four more men came, including James L. Homer and Henry Williams. Maria spoke to them and &quot;she giving it to them all the time.&quot; Melania Ammidon reported this morning that the mob had repeatedly cried &quot;...to West Street. Chapman&apos;s...&quot; George Thompson&apos;s picture and the Chapman&apos;s children have been sent away.</subfield>
  </datafield>
  <datafield tag="500" ind1=" " ind2=" ">
    <subfield code="a">On the last page, is the note: &quot;everything is quiet &amp; calm now.&quot;</subfield>
  </datafield>
  <datafield tag="500" ind1=" " ind2=" ">
    <subfield code="a">For an incomplete typed transcript of this letter, see Call No. Ms.A.9.2 v.7, p.69.</subfield>
  </datafield>
  <datafield tag="600" ind1="1" ind2="0">
    <subfield code="a">Weston, Deborah,</subfield>
    <subfield code="d">b. 1814</subfield>
    <subfield code="v">Correspondence.</subfield>
  </datafield>
  <datafield tag="600" ind1="1" ind2="0">
    <subfield code="a">Weston, Mary,</subfield>
    <subfield code="d">1786-1860</subfield>
    <subfield code="v">Correspondence.</subfield>
  </datafield>
  <datafield tag="600" ind1="1" ind2="0">
    <subfield code="a">Bailey, Ebenezer,</subfield>
    <subfield code="d">1795-1839.</subfield>
  </datafield>
  <datafield tag="600" ind1="1" ind2="0">
    <subfield code="a">Chapman, Maria Weston,</subfield>
    <subfield code="d">1806-1885.</subfield>
  </datafield>
  <datafield tag="600" ind1="1" ind2="0">
    <subfield code="a">Cooley, Aaron.</subfield>
  </datafield>
  <datafield tag="600" ind1="1" ind2="0">
    <subfield code="a">Parkman, Daniel.</subfield>
  </datafield>
  <datafield tag="600" ind1="1" ind2="0">
    <subfield code="a">Prescott, Edward G.</subfield>
    <subfield code="q">(Edward Goldsborough),</subfield>
    <subfield code="d">1804-1844.</subfield>
  </datafield>
  <datafield tag="650" ind1=" " ind2="0">
    <subfield code="a">Antislavery movements</subfield>
    <subfield code="z">United States</subfield>
    <subfield code="x">History</subfield>
    <subfield code="y">19th century.</subfield>
  </datafield>
  <datafield tag="650" ind1=" " ind2="0">
    <subfield code="a">Women abolitionists</subfield>
    <subfield code="z">Massachusetts</subfield>
    <subfield code="z">Boston</subfield>
    <subfield code="y">19th century</subfield>
    <subfield code="v">Correspondence.</subfield>
  </datafield>
  <datafield tag="655" ind1=" " ind2="0">
    <subfield code="a">Letters.</subfield>
  </datafield>
  <datafield tag="655" ind1=" " ind2="0">
    <subfield code="a">Manuscripts.</subfield>
  </datafield>
  <datafield tag="700" ind1="1" ind2=" ">
    <subfield code="a">Weston, Mary,</subfield>
    <subfield code="d">1786-1860,</subfield>
    <subfield code="e">recipient.</subfield>
  </datafield>
  <datafield tag="830" ind1=" " ind2="0">
    <subfield code="a">Deborah Weston Correspondence (1830-1879)</subfield>
  </datafield>
  <datafield tag="999" ind1=" " ind2=" ">
    <subfield code="a">shots: 4</subfield>
  </datafield>
</record>
